@article{convent2020doo,
  title={Doo bee doo bee doo.},
  author={Convent, Lukas and Lindley, Sam and McBride, Conor and McLaughlin, Craig},
  journal={J. Funct. Program.},
  volume={30},
  pages={e9},
  year={2020}
}
